@software{YOLOv5,
  author    = {Glenn Jocher and
                Alex Stoken and
                Jirka Borovec and
                NanoCode012 and
                ChristopherSTAN and
                Liu Changyu and
                Laughing and
                tkianai and
                Adam Hogan and
                lorenzomammana and
                yxNONG and
                AlexWang1900 and
                Laurentiu Diaconu and
                Marc and
                wanghaoyang0106 and
                ml5ah and
                Doug and
                Francisco Ingham and
                Frederik and
                Guilhen and
                Hatovix and
                Jake Poznanski and
                Jiacong Fang and
                Lijun Yu 于力军 and
                changyu98 and
                Mingyu Wang and
                Naman Gupta and
                Osama Akhtar and
                PetrDvoracek and
                Prashant Rai},
  title     = {{ultralytics/yolov5: v3.1 - Bug Fixes and 
                 Performance Improvements}},
  month     = oct,
  year      = 2020,
  publisher = {Zenodo},
  version   = {v3.1},
  doi       = {10.5281/zenodo.4154370},
  url       = {https://doi.org/10.5281/zenodo.4154370}
}